@custom{ref1,
  title  = {Tauri},
  author = {Tauri Contributors},
  year   = {2022-},
  note   = {\url{https://www.tauri.app}}
}

@custom{ref2,
  title  = {Rust},
  author = {Graydon Hoare},
  year   = {2022-},
  note   = {\url{https://www.rust-lang.org}}
}

@custom{ref3,
  title  = {Meshtastic},
  author = {Geeksville Industries LLC},
  year   = {2022-},
  note   = {\url{https://meshtastic.org}}
}

@custom{ref4,
  title = {SolidJS},
  year  = {2022-},
  note  = {\url{https://www.solidjs.com}}
}
